<record><leader>00000cas a2200000 a 4500</leader><controlfield tag="001">27160379</controlfield><controlfield tag="008">921222c18uu9999iluwr ne      0   a0eng c</controlfield><datafield ind1=" " ind2=" " tag="010"><subfield code="a">sn 92053444 </subfield></datafield><datafield ind1=" " ind2=" " tag="040"><subfield code="a">NVF</subfield><subfield code="b">eng</subfield><subfield code="c">NVF</subfield><subfield code="d">OCL</subfield><subfield code="d">NVF</subfield><subfield code="d">CVF</subfield><subfield code="d">NVF</subfield><subfield code="d">OCLCQ</subfield><subfield code="d">NVF</subfield><subfield code="d">OCLCF</subfield><subfield code="d">NVF</subfield><subfield code="d">OCLCO</subfield></datafield><datafield ind1="1" ind2=" " tag="029"><subfield code="a">AU@</subfield><subfield code="b">000020228748</subfield></datafield><datafield ind1=" " ind2=" " tag="042"><subfield code="a">pcc</subfield></datafield><datafield ind1=" " ind2=" " tag="043"><subfield code="a">n-us-il</subfield></datafield><datafield ind1="0" ind2=" " tag="130"><subfield code="a">Amboy news (Amboy, Ill. : Weekly)</subfield></datafield><datafield ind1="1" ind2="4" tag="245"><subfield code="a">The Amboy news.</subfield></datafield><datafield ind1=" " ind2=" " tag="260"><subfield code="a">Amboy, Ill. :</subfield><subfield code="b">News Pub. Co.</subfield></datafield><datafield ind1=" " ind2=" " tag="300"><subfield code="a">v.</subfield></datafield><datafield ind1=" " ind2=" " tag="310"><subfield code="a">Weekly,</subfield><subfield code="b">Nov. 10, 1893-</subfield></datafield><datafield ind1=" " ind2=" " tag="321"><subfield code="a">Weekly,</subfield><subfield code="b">&lt;July 1, 1882&gt;-July 28, 1893</subfield></datafield><datafield ind1=" " ind2=" " tag="321"><subfield code="a">Semiweekly,</subfield><subfield code="b">Aug. 1-Nov. 3, 1893</subfield></datafield><datafield ind1=" " ind2=" " tag="515"><subfield code="a">Issues for Sept. 11 and Sept. 18, 2002 both marked as v. 147, no. 37.</subfield></datafield><datafield ind1=" " ind2=" " tag="515"><subfield code="a">Issue for Sept. 25, 2002 erroneously designated as Sept. 18, 2002 on masthead.</subfield></datafield><datafield ind1=" " ind2=" " tag="580"><subfield code="a">Daily ed.: Amboy news (Amboy, Ill. : Daily), 1899.</subfield></datafield><datafield ind1=" " ind2=" " tag="588"><subfield code="a">Description based on: Vol. 5, no. 9 (July 1, 1882).</subfield></datafield><datafield ind1=" " ind2="0" tag="651"><subfield code="a">Amboy (Ill.)</subfield><subfield code="v">Newspapers.</subfield></datafield><datafield ind1=" " ind2="7" tag="651"><subfield code="a">Illinois</subfield><subfield code="z">Amboy.</subfield><subfield code="2">fast</subfield><subfield code="0">(OCoLC)fst01250615</subfield></datafield><datafield ind1=" " ind2="7" tag="655"><subfield code="a">Newspapers.</subfield><subfield code="2">fast</subfield><subfield code="0">(OCoLC)fst01423814</subfield></datafield><datafield ind1=" " ind2=" " tag="752"><subfield code="a">United States</subfield><subfield code="b">Illinois</subfield><subfield code="c">Lee</subfield><subfield code="d">Amboy.</subfield></datafield><datafield ind1="1" ind2=" " tag="775"><subfield code="t">Amboy news (Amboy, Ill. : Daily)</subfield><subfield code="w">(DLC)sn 92053445</subfield><subfield code="w">(OCoLC)27160477</subfield></datafield><datafield ind1="0" ind2="5" tag="780"><subfield code="t">Amboy journal</subfield><subfield code="w">(DLC)sn 85033348</subfield><subfield code="w">(OCoLC)11897722</subfield></datafield></record>